@misc{rustlangRustProgramming,
	author = {},
	title = { {R}ust {P}rogramming {L}anguage  --- rust-lang.org},
	howpublished = {\url{https://www.rust-lang.org/}},
	year = {},
	note = {[Accessed 17-03-2024]},
}

@misc{wiki:Knapsack_problem,
   author = "Wikipedia",
   title = "{Knapsack problem} --- {W}ikipedia{,} The Free Encyclopedia",
   year = "2024",
   howpublished = {\url{http://en.wikipedia.org/w/index.php?title=Knapsack\%20problem&oldid=1212701319}},
   note = "[Online; accessed 17-March-2024]"
 }

@misc{oracleDOUBLEPRECISION,
	author = {},
	title = {{D}{O}{U}{B}{L}{E} {P}{R}{E}{C}{I}{S}{I}{O}{N} data type --- docs.oracle.com},
	howpublished = {\url{https://docs.oracle.com/javadb/10.10.1.2/ref/rrefsqljdoubleprecision.html}},
	year = {},
	note = {[Accessed 17-03-2024]},
}

@misc{rustlangu32,
	author = {},
	title = {u32 - {R}ust --- doc.rust-lang.org},
	howpublished = {\url{https://doc.rust-lang.org/std/primitive.u32.html}},
	year = {},
	note = {[Accessed 17-03-2024]},
}
